@inproceedings{lu2009soundsense,
  title={SoundSense: scalable sound sensing for people-centric applications on mobile phones},
  author={Lu, Hong and Pan, Wei and Lane, Nicholas D and Choudhury, Tanzeem and Campbell, Andrew T},
  booktitle={Proceedings of the 7th international conference on Mobile systems, applications, and services},
  pages={165--178},
  year={2009},
  organization={ACM}
}
@inproceedings{wang2009framework,
  title={A framework of energy efficient mobile sensing for automatic user state recognition},
  author={Wang, Yi and Lin, Jialiu and Annavaram, Murali and Jacobson, Quinn A and Hong, Jason and Krishnamachari, Bhaskar and Sadeh, Norman},
  booktitle={Proceedings of the 7th international conference on Mobile systems, applications, and services},
  pages={179--192},
  year={2009},
  organization={ACM}
}
@incollection{brezmes2009activity,
  title={Activity recognition from accelerometer data on a mobile phone},
  author={Brezmes, Tomas and Gorricho, Juan-Luis and Cotrina, Josep},
  booktitle={Distributed computing, artificial intelligence, bioinformatics, soft computing, and ambient assisted living},
  pages={796--799},
  year={2009},
  publisher={Springer}
}

@misc{ashrafi2001relative,
  title={Relative vehicle platform having synchronized adaptive offset calibration for lateral accelerometer and steering angle sensor},
  author={Ashrafi, Behrouz and Madau, Dinu Petre and Tseng, Hongtei Eric},
  year={2001},
  month={Feb 6},
  publisher={Google Patents},
  note={US Patent 6,185,485}
}

@inproceedings{misra2008microphone,
  title={Microphone as sensor in mobile phone performance},
  author={Misra, Ananya and Essl, Georg and Rohs, Michael},
  booktitle={Proceedings of the international conference for new interfaces for musical expression (NIME-08), Genova, Italy},
  year={2008}
}

@ONLINE{accell,
author = {Redell, Dave},
title = {Thinking About Accelerometers and Gravity},
month = {Jan 11},
year = {1998},
url = {http://www.lunar.org/docs/LUNARclips/v5/v5n1/Accelerometers.html}
}

@inproceedings{pauws2004musical,
  title={Musical key extraction from audio.},
  author={Pauws, Steffen},
  booktitle={ISMIR},
  year={2004}
}

@incollection{marf,
  title={Introducing MARF: a modular audio recognition framework and its applications for scientific and software engineering research},
  author={Mokhov, Serguei A},
  booktitle={Advances in Computer and Information Sciences and Engineering},
  pages={473--478},
  year={2008},
  publisher={Springer}
}

@ONLINE{gyro,
author = {Pieter, Jan},
title = {Getting the angular position from gyroscope data},
month = {June 09},
year = {2012},
url = {http://www.pieter-jan.com/node/7}
}

@article{luinge2005measuring,
  title={Measuring orientation of human body segments using miniature gyroscopes and accelerometers},
  author={Luinge, Henk J and Veltink, Peter H},
  journal={Medical and Biological Engineering and computing},
  volume={43},
  number={2},
  pages={273--282},
  year={2005},
  publisher={Springer}
}

@ONLINE{comp,
author = {Pieter, Jan},
title = {Reading a IMU Without Kalman: The Complementary Filter},
month = {March 26},
year = {2013},
url = {http://www.pieter-jan.com/node/11}
}

@misc{welch1995introduction,
  title={An introduction to the Kalman filter},
  author={Welch, Greg and Bishop, Gary},
  year={1995}
}

@inproceedings{mahony2005complementary,
  title={Complementary filter design on the special orthogonal group SO (3)},
  author={Mahony, Robert and Hamel, Tarek and Pflimlin, Jean-Michel},
  booktitle={Decision and Control, 2005 and 2005 European Control Conference. CDC-ECC'05. 44th IEEE Conference on},
  pages={1477--1484},
  year={2005},
  organization={IEEE}
}

@inproceedings{essl2007shamus,
  title={Shamus-a sensor based integrated mobile phone instrument},
  author={Essl, Georg and Rohs, Michael},
  booktitle={Proceedings of the International Computer Music Conference ICMC (2007)},
  volume={40},
  pages={50},
  year={2007}
}
@article{psiaki1990three,
  title={Three-axis attitude determination via Kalman filtering of magnetometer data},
  author={Psiaki, Mark L and Martel, Francois and Pal, Parimal K},
  journal={Journal of Guidance, Control, and Dynamics},
  volume={13},
  number={3},
  pages={506--514},
  year={1990}
}

@article{roetenberg2005compensation,
  title={Compensation of magnetic disturbances improves inertial and magnetic sensing of human body segment orientation},
  author={Roetenberg, Daniel and Luinge, Henk J and Baten, Chris TM and Veltink, Peter H},
  journal={Neural Systems and Rehabilitation Engineering, IEEE Transactions on},
  volume={13},
  number={3},
  pages={395--405},
  year={2005},
  publisher={IEEE}
}
@article{sencam,
  title={KALMAN FILTER BASED FUSION OF CAMERA AND INERTIAL SENSOR 
MEASUREMENTS FOR BODY STATE ESTIMATION },
  author={GÖKÇEN ASLAN AYDEMİR},
  journal={Middle East Technical University},
  volume={13},
  number={3},
  pages={506--514},
  year={2009}
}

@book{brooks1998multi,
  title={Multi-sensor fusion: fundamentals and applications with software},
  author={Brooks, Richard R and Iyengar, Sundararaja S},
  year={1998},
  publisher={Prentice-Hall, Inc.}
}
@book{klein2004sensor,
  title={Sensor and data fusion: a tool for information assessment and decision making},
  author={Klein, Lawrence A},
  volume={324},
  year={2004},
  publisher={SPIE press Bellingham\^{} eWA WA}
}
@misc{welch1995introduction,
  title={An introduction to the Kalman filter},
  author={Welch, Greg and Bishop, Gary},
  year={1995}
}

@article{alves2003camera,
  title={Camera-inertial sensor modelling and alignment for visual navigation},
  author={Alves, Joao and Lobo, Jorge and Dias, Jorge},
  journal={Machine Intelligence and Robotic Control},
  volume={5},
  number={3},
  pages={103--112},
  year={2003}
}
@misc{krasner2003methods,
  title={Methods and apparatuses for using mobile GPS receivers to synchronize basestations in cellular networks},
  author={Krasner, Norman F and Jolley, Edward V},
  year={2003},
  month={Dec 16},
  publisher={Google Patents},
  note={US Patent 6,665,541}
}

@article{barshan1995inertial,
  title={Inertial navigation systems for mobile robots},
  author={Barshan, Billur and Durrant-Whyte, Hugh F},
  journal={Robotics and Automation, IEEE Transactions on},
  volume={11},
  number={3},
  pages={328--342},
  year={1995},
  publisher={IEEE}
}