% Sec Source
% http://dl.acm.org/citation.cfm?id=1985441.1985482&coll=DL&dl=ACM&CFID=622197379&CFTOKEN=96029170
@Article{Hirata,
 author = {Hirata, Yukinao and Mizuno, Osamu},
 title = {Do Comments Explain Codes Adequately?: Investigation by Text Filtering},
 booktitle = {Proceedings of the 8th Working Conference on Mining Software Repositories},
 series = {MSR '11},
 year = {2011},
 isbn = {978-1-4503-0574-7},
 location = {Waikiki, Honolulu, HI, USA},
 pages = {242--245},
 numpages = {4},
 url = {http://doi.acm.org/10.1145/1985441.1985482},
 doi = {10.1145/1985441.1985482},
 acmid = {1985482},
 publisher = {ACM},
 address = {New York, NY, USA},
 keywords = {comments, distance, fault-prone module, source code},
} 

@ARTICLE {acm,
    author  = "ACM",
    title   = "ACM Journals Word Style Guide",
    journal = "ACM Publications",
    year    = "2012",
    volume  = "4",
    number  = "2",
    month   = "nov"
}

% http://touque.ca/EC/programming/Java/resources/documentation/Curmedgeon_comments.pdf
@article{raskin,
  title={Comments are more important than code},
  author={Raskin, Jef},
  journal={ACM Queue},
  volume={3},
  number={2},
  pages={64},
  year={2005}
}

% http://ieeexplore.ieee.org/xpl/login.jsp?tp=&arnumber=947100&url=http%3A%2F%2Fieeexplore.ieee.org%2Fxpls%2Fabs_all.jsp%3Farnumber%3D947100
@article{highsmith,
  title={Agile software development: The business of innovation},
  author={Highsmith, Jim and Cockburn, Alistair},
  journal={Computer},
  volume={34},
  number={9},
  pages={120--127},
  year={2001},
  publisher={IEEE}
}

% Sec Source
%http://dl.acm.org/citation.cfm?id=1121341.1121380&coll=DL&dl=ACM&CFID=622197379&CFTOKEN=96029170
@inproceedings{Etlinger,
 author = {Etlinger, Henry A.},
 title = {A Framework in Which to Teach (Technical) Communication to Computer Science Majors},
 booktitle = {Proceedings of the 37th SIGCSE Technical Symposium on Computer Science Education},
 series = {SIGCSE '06},
 year = {2006},
 isbn = {1-59593-259-3},
 location = {Houston, Texas, USA},
 pages = {122--126},
 numpages = {5},
 url = {http://doi.acm.org/10.1145/1121341.1121380},
 doi = {10.1145/1121341.1121380},
 acmid = {1121380},
 publisher = {ACM},
 address = {New York, NY, USA},
 keywords = {audience analysis, communication skills, framework, presentations, writing},
} 
[download]
@Article{Etlinger,
 author = {Etlinger, Henry A.},
 title = {A Framework in Which to Teach (Technical) Communication to Computer Science Majors},
 journal = {SIGCSE Bull.},
 issue_date = {March 2006},
 volume = {38},
 number = {1},
 month = mar,
 year = {2006},
 issn = {0097-8418},
 pages = {122--126},
 numpages = {5},
 url = {http://doi.acm.org/10.1145/1124706.1121380},
 doi = {10.1145/1124706.1121380},
 acmid = {1121380},
 publisher = {ACM},
 address = {New York, NY, USA},
 keywords = {audience analysis, communication skills, framework, presentations, writing},
} 

 @misc{payscale, author={Payscale.com,}, title={Popular Jobs for Computer Science Majors - College Salary Report},url={http://www.payscale.com/college-salary-report-2014/choosing-a-major/popular-jobs-by-major/computer-science-and-math}, year=2015},}